<?xml version="1.0" encoding="UTF-8"?><collection xmlns="http://www.loc.gov/MARC21/slim"><record><leader>00467nam--2200181-i-4500</leader><controlfield tag="001">000044035</controlfield><controlfield tag="002">20161230</controlfield><controlfield tag="005">20161230201044</controlfield><controlfield tag="008">060222s1000------------r-----000-0-rum-d</controlfield><datafield ind1=" " ind2=" " tag="040"><subfield code="a">IFIN-HH</subfield></datafield><datafield ind1=" " ind2=" " tag="041"><subfield code="a">rum</subfield></datafield><datafield ind1=" " ind2=" " tag="080"><subfield code="a">519.216:519.876.2</subfield></datafield><datafield ind1="1" ind2=" " tag="100"><subfield code="a">Teodorescu, Dan</subfield></datafield><datafield ind1="1" ind2="0" tag="245"><subfield code="a">Modele stohastice optimizate</subfield><subfield code="c">Dan Teodorescu</subfield></datafield><datafield ind1=" " ind2=" " tag="260"><subfield code="a">Bucuresti, Editura Academiei R.S.R., 1982</subfield></datafield><datafield ind1=" " ind2=" " tag="300"><subfield code="a">246 P</subfield></datafield><datafield ind1=" " ind2=" " tag="852"><subfield code="a">49955</subfield><subfield code="c">519.2</subfield></datafield><datafield ind1=" " ind2=" " tag="CAT"><subfield code="a">Sys</subfield><subfield code="c">20100610</subfield><subfield code="h">085113</subfield></datafield></record></collection>